<AuditFile xmlns:xsi="http://www.w3.org/2001/XMLSchema-instance" xmlns:xsd="http://www.w3.org/2001/XMLSchema" xmlns="&quot;urn:StandardAuditFile-Taxation-Financial:NO&quot;"><Header><AuditFileVersion>1.10</AuditFileVersion><AuditFileCountry>NO</AuditFileCountry><AuditFileDateCreated>2021-11-24</AuditFileDateCreated><Company><RegistrationNumber></RegistrationNumber><Name>ØSTERLIVEIEN 31 AS</Name><Address><AdditionalAddressDetail></AdditionalAddressDetail><City></City><PostalCode></PostalCode></Address></Company><DefaultCurrencyCode>NOK</DefaultCurrencyCode><SelectionCriteria><PeriodStart>01</PeriodStart><PeriodStartYear>2018</PeriodStartYear><PeriodEnd>12</PeriodEnd><PeriodEndYear>2018</PeriodEndYear></SelectionCriteria></Header><MasterFiles><GeneralLedgerAccounts><Account><AccountID>1070</AccountID><AccountDescription>Utsatt skattefordel</AccountDescription><StandardAccountID>1070</StandardAccountID><OpeningDebitBalance>0</OpeningDebitBalance><ClosingDebitBalance>0</ClosingDebitBalance></Account><Account><AccountID>1160</AccountID><AccountDescription>Tomt/eks. bolig</AccountDescription><StandardAccountID>1160</StandardAccountID><OpeningDebitBalance>0</OpeningDebitBalance><ClosingDebitBalance>0</ClosingDebitBalance></Account><Account><AccountID>1163</AccountID><AccountDescription>Nybygg</AccountDescription><StandardAccountID>1163</StandardAccountID><OpeningDebitBalance>0</OpeningDebitBalance><ClosingDebitBalance>0</ClosingDebitBalance></Account><Account><AccountID>1170</AccountID><AccountDescription>Periodisert kost solgt bolig</AccountDescription><StandardAccountID>1170</StandardAccountID><OpeningDebitBalance>0</OpeningDebitBalance><ClosingDebitBalance>0</ClosingDebitBalance></Account><Account><AccountID>1551</AccountID><AccountDescription>Fordringer på konsernbidrag</AccountDescription><StandardAccountID>1551</StandardAccountID><OpeningDebitBalance>0</OpeningDebitBalance><ClosingDebitBalance>0</ClosingDebitBalance></Account><Account><AccountID>1920</AccountID><AccountDescription>Bank</AccountDescription><StandardAccountID>1920</StandardAccountID><OpeningDebitBalance>0</OpeningDebitBalance><ClosingDebitBalance>0</ClosingDebitBalance></Account><Account><AccountID>2000</AccountID><AccountDescription>Aksjekapital</AccountDescription><StandardAccountID>2000</StandardAccountID><OpeningDebitBalance>0</OpeningDebitBalance><ClosingDebitBalance>0</ClosingDebitBalance></Account><Account><AccountID>2030</AccountID><AccountDescription>Annen innskutt EK</AccountDescription><StandardAccountID>2030</StandardAccountID><OpeningDebitBalance>0</OpeningDebitBalance><ClosingDebitBalance>0</ClosingDebitBalance></Account><Account><AccountID>2030</AccountID><AccountDescription>Annen innskutt EK</AccountDescription><StandardAccountID>2030</StandardAccountID><OpeningDebitBalance>0</OpeningDebitBalance><ClosingDebitBalance>0</ClosingDebitBalance></Account><Account><AccountID>2050</AccountID><AccountDescription>Annen egenkapital</AccountDescription><StandardAccountID>2050</StandardAccountID><OpeningDebitBalance>0</OpeningDebitBalance><ClosingDebitBalance>0</ClosingDebitBalance></Account><Account><AccountID>2240</AccountID><AccountDescription>Tomtelån</AccountDescription><StandardAccountID>2240</StandardAccountID><OpeningDebitBalance>0</OpeningDebitBalance><ClosingDebitBalance>0</ClosingDebitBalance></Account><Account><AccountID>2241</AccountID><AccountDescription>Byggelån</AccountDescription><StandardAccountID>2241</StandardAccountID><OpeningDebitBalance>0</OpeningDebitBalance><ClosingDebitBalance>0</ClosingDebitBalance></Account><Account><AccountID>2245</AccountID><AccountDescription>Hjelpekonto oppgjør</AccountDescription><StandardAccountID>2245</StandardAccountID><OpeningDebitBalance>0</OpeningDebitBalance><ClosingDebitBalance>0</ClosingDebitBalance></Account><Account><AccountID>2260</AccountID><AccountDescription>Gjeld til LCH AS</AccountDescription><StandardAccountID>2260</StandardAccountID><OpeningDebitBalance>0</OpeningDebitBalance><ClosingDebitBalance>0</ClosingDebitBalance></Account><Account><AccountID>2270</AccountID><AccountDescription>Gjeld til AF</AccountDescription><StandardAccountID>2270</StandardAccountID><OpeningDebitBalance>0</OpeningDebitBalance><ClosingDebitBalance>0</ClosingDebitBalance></Account><Account><AccountID>2270</AccountID><AccountDescription>Gjeld til AF</AccountDescription><StandardAccountID>2270</StandardAccountID><OpeningDebitBalance>0</OpeningDebitBalance><ClosingDebitBalance>0</ClosingDebitBalance></Account><Account><AccountID>2400</AccountID><AccountDescription>Samlekonto kreditorer</AccountDescription><StandardAccountID>2400</StandardAccountID><OpeningDebitBalance>0</OpeningDebitBalance><ClosingDebitBalance>0</ClosingDebitBalance></Account><Account><AccountID>2500</AccountID><AccountDescription>Betalbar skatt</AccountDescription><StandardAccountID>2500</StandardAccountID><OpeningDebitBalance>0</OpeningDebitBalance><ClosingDebitBalance>0</ClosingDebitBalance></Account><Account><AccountID>2510</AccountID><AccountDescription>Betalbar skatt , utlignet</AccountDescription><StandardAccountID>2510</StandardAccountID><OpeningDebitBalance>0</OpeningDebitBalance><ClosingDebitBalance>0</ClosingDebitBalance></Account><Account><AccountID>2921</AccountID><AccountDescription>Gjeld konsernbidrag</AccountDescription><StandardAccountID>2921</StandardAccountID><OpeningDebitBalance>0</OpeningDebitBalance><ClosingDebitBalance>0</ClosingDebitBalance></Account><Account><AccountID>2950</AccountID><AccountDescription>Påløpt rente</AccountDescription><StandardAccountID>2950</StandardAccountID><OpeningDebitBalance>0</OpeningDebitBalance><ClosingDebitBalance>0</ClosingDebitBalance></Account><Account><AccountID>2990</AccountID><AccountDescription>Annen kortsiktig gjeld</AccountDescription><StandardAccountID>2990</StandardAccountID><OpeningDebitBalance>0</OpeningDebitBalance><ClosingDebitBalance>0</ClosingDebitBalance></Account><Account><AccountID>3220</AccountID><AccountDescription>Salg eiendom</AccountDescription><StandardAccountID>3220</StandardAccountID><OpeningDebitBalance>0</OpeningDebitBalance><ClosingDebitBalance>0</ClosingDebitBalance></Account><Account><AccountID>4150</AccountID><AccountDescription>Eksisterende bolig</AccountDescription><StandardAccountID>4150</StandardAccountID><OpeningDebitBalance>0</OpeningDebitBalance><ClosingDebitBalance>0</ClosingDebitBalance></Account><Account><AccountID>4160</AccountID><AccountDescription>Kostnader nybygg</AccountDescription><StandardAccountID>4160</StandardAccountID><OpeningDebitBalance>0</OpeningDebitBalance><ClosingDebitBalance>0</ClosingDebitBalance></Account><Account><AccountID>4163</AccountID><AccountDescription>Garantiprovisjon </AccountDescription><StandardAccountID>4163</StandardAccountID><OpeningDebitBalance>0</OpeningDebitBalance><ClosingDebitBalance>0</ClosingDebitBalance></Account><Account><AccountID>6701</AccountID><AccountDescription>Revisjon og regnskap</AccountDescription><StandardAccountID>6701</StandardAccountID><OpeningDebitBalance>0</OpeningDebitBalance><ClosingDebitBalance>0</ClosingDebitBalance></Account><Account><AccountID>6705</AccountID><AccountDescription>Regnskapshonorar</AccountDescription><StandardAccountID>6705</StandardAccountID><OpeningDebitBalance>0</OpeningDebitBalance><ClosingDebitBalance>0</ClosingDebitBalance></Account><Account><AccountID>7770</AccountID><AccountDescription>Bank- og kortgebyrer</AccountDescription><StandardAccountID>7770</StandardAccountID><OpeningDebitBalance>0</OpeningDebitBalance><ClosingDebitBalance>0</ClosingDebitBalance></Account><Account><AccountID>7790</AccountID><AccountDescription>Annen kostnad</AccountDescription><StandardAccountID>7790</StandardAccountID><OpeningDebitBalance>0</OpeningDebitBalance><ClosingDebitBalance>0</ClosingDebitBalance></Account><Account><AccountID>8051</AccountID><AccountDescription>Renteinntekt bank</AccountDescription><StandardAccountID>8051</StandardAccountID><OpeningDebitBalance>0</OpeningDebitBalance><ClosingDebitBalance>0</ClosingDebitBalance></Account><Account><AccountID>8067</AccountID><AccountDescription>Renteinntekt LCH</AccountDescription><StandardAccountID>8067</StandardAccountID><OpeningDebitBalance>0</OpeningDebitBalance><ClosingDebitBalance>0</ClosingDebitBalance></Account><Account><AccountID>8165</AccountID><AccountDescription>Renter tomtelån</AccountDescription><StandardAccountID>8165</StandardAccountID><OpeningDebitBalance>0</OpeningDebitBalance><ClosingDebitBalance>0</ClosingDebitBalance></Account><Account><AccountID>8166</AccountID><AccountDescription>Renter byggelån</AccountDescription><StandardAccountID>8166</StandardAccountID><OpeningDebitBalance>0</OpeningDebitBalance><ClosingDebitBalance>0</ClosingDebitBalance></Account><Account><AccountID>8167</AccountID><AccountDescription>RENTERKOSTNADER LCHL AS</AccountDescription><StandardAccountID>8167</StandardAccountID><OpeningDebitBalance>0</OpeningDebitBalance><ClosingDebitBalance>0</ClosingDebitBalance></Account><Account><AccountID>8300</AccountID><AccountDescription>Betalbar skatt</AccountDescription><StandardAccountID>8300</StandardAccountID><OpeningDebitBalance>0</OpeningDebitBalance><ClosingDebitBalance>0</ClosingDebitBalance></Account><Account><AccountID>8320</AccountID><AccountDescription>Utsatt skatt</AccountDescription><StandardAccountID>8320</StandardAccountID><OpeningDebitBalance>0</OpeningDebitBalance><ClosingDebitBalance>0</ClosingDebitBalance></Account><Account><AccountID>8960</AccountID><AccountDescription>Overføringer annen egenkapital</AccountDescription><StandardAccountID>8960</StandardAccountID><OpeningDebitBalance>0</OpeningDebitBalance><ClosingDebitBalance>0</ClosingDebitBalance></Account><Account><AccountID>8965</AccountID><AccountDescription>Overført til dekning av udekket tap</AccountDescription><StandardAccountID>8965</StandardAccountID><OpeningDebitBalance>0</OpeningDebitBalance><ClosingDebitBalance>0</ClosingDebitBalance></Account><Account><AccountID>8990</AccountID><AccountDescription>Udekket tap</AccountDescription><StandardAccountID>8990</StandardAccountID><OpeningDebitBalance>0</OpeningDebitBalance><ClosingDebitBalance>0</ClosingDebitBalance></Account></GeneralLedgerAccounts><Suppliers><Suppliers><RegistrationNumber></RegistrationNumber><Name></Name><Address><StreetName></StreetName><City></City><Country></Country></Address><SupplierID>350</SupplierID><AccountID>2400</AccountID><OpeningCreditBalance>24062.5</OpeningCreditBalance><ClosingDebitBalance>0</ClosingDebitBalance></Suppliers><Suppliers><RegistrationNumber></RegistrationNumber><Name></Name><Address><StreetName></StreetName><City></City><Country></Country></Address><SupplierID>350</SupplierID><AccountID>1163</AccountID><OpeningCreditBalance>0</OpeningCreditBalance><ClosingDebitBalance>24062.5</ClosingDebitBalance></Suppliers></Suppliers></MasterFiles><GeneralLedgerEntries><NumberOfEntries>76</NumberOfEntries><TotalDebit>122516</TotalDebit><TotalCredit>3808208.13</TotalCredit><Journal><JournalID>0</JournalID><Description>Journal 0</Description><Type>GL</Type><Transaction><TransactionID>5027</TransactionID><Period>05</Period><PeriodYear>2020</PeriodYear><TransactionDate>2020-05-05</TransactionDate><Description></Description><SystemEntryDate>2020-05-05</SystemEntryDate><GLPostingDate>2020-05-05</GLPostingDate><Line><RecordID>1</RecordID><AccountID>0</AccountID><Description></Description><DebitAmount><Amount>0</Amount><CurrencyCode>NOK</CurrencyCode><CurrencyAmount>0</CurrencyAmount></DebitAmount></Line><Line><RecordID>1</RecordID><AccountID>0</AccountID><Description></Description><CreditAmount><Amount>0</Amount><CurrencyCode>NOK</CurrencyCode><CurrencyAmount>0</CurrencyAmount></CreditAmount></Line></Transaction><Transaction><TransactionID>5260</TransactionID><Period>11</Period><PeriodYear>2020</PeriodYear><TransactionDate>2020-11-11</TransactionDate><Description></Description><SystemEntryDate>2020-11-11</SystemEntryDate><GLPostingDate>2020-11-11</GLPostingDate><Line><RecordID>1</RecordID><AccountID>0</AccountID><Description></Description><DebitAmount><Amount>0</Amount><CurrencyCode>NOK</CurrencyCode><CurrencyAmount>0</CurrencyAmount></DebitAmount></Line><Line><RecordID>1</RecordID><AccountID>0</AccountID><Description></Description><CreditAmount><Amount>0</Amount><CurrencyCode>NOK</CurrencyCode><CurrencyAmount>0</CurrencyAmount></CreditAmount></Line></Transaction><Transaction><TransactionID>3695</TransactionID><Period>09</Period><PeriodYear>2019</PeriodYear><TransactionDate>2019-09-10</TransactionDate><Description></Description><SystemEntryDate>2019-09-10</SystemEntryDate><GLPostingDate>2019-09-10</GLPostingDate><Line><RecordID>1</RecordID><AccountID>1920</AccountID><Description></Description><DebitAmount><Amount>122000.00</Amount><CurrencyCode>NOK</CurrencyCode><CurrencyAmount>0</CurrencyAmount></DebitAmount></Line><Line><RecordID>1</RecordID><AccountID>2260</AccountID><Description></Description><CreditAmount><Amount>122000.00</Amount><CurrencyCode>NOK</CurrencyCode><CurrencyAmount>0</CurrencyAmount></CreditAmount></Line></Transaction><Transaction><TransactionID>4648</TransactionID><Period>01</Period><PeriodYear>2020</PeriodYear><TransactionDate>2020-01-16</TransactionDate><Description></Description><SystemEntryDate>2020-01-16</SystemEntryDate><GLPostingDate>2020-01-16</GLPostingDate><Line><RecordID>1</RecordID><AccountID>1920</AccountID><Description></Description><DebitAmount><Amount>20000.00</Amount><CurrencyCode>NOK</CurrencyCode><CurrencyAmount>0</CurrencyAmount></DebitAmount></Line><Line><RecordID>1</RecordID><AccountID>2260</AccountID><Description></Description><CreditAmount><Amount>20000.00</Amount><CurrencyCode>NOK</CurrencyCode><CurrencyAmount>0</CurrencyAmount></CreditAmount></Line></Transaction><Transaction><TransactionID>5130</TransactionID><Period>08</Period><PeriodYear>2020</PeriodYear><TransactionDate>2020-08-11</TransactionDate><Description></Description><SystemEntryDate>2020-08-11</SystemEntryDate><GLPostingDate>2020-08-11</GLPostingDate><Line><RecordID>1</RecordID><AccountID>1920</AccountID><Description></Description><DebitAmount><Amount>20000.00</Amount><CurrencyCode>NOK</CurrencyCode><CurrencyAmount>0</CurrencyAmount></DebitAmount></Line><Line><RecordID>1</RecordID><AccountID>2260</AccountID><Description></Description><CreditAmount><Amount>20000.00</Amount><CurrencyCode>NOK</CurrencyCode><CurrencyAmount>0</CurrencyAmount></CreditAmount></Line></Transaction><Transaction><TransactionID>5868</TransactionID><Period>02</Period><PeriodYear>2021</PeriodYear><TransactionDate>2021-02-02</TransactionDate><Description></Description><SystemEntryDate>2021-02-02</SystemEntryDate><GLPostingDate>2021-02-02</GLPostingDate><Line><RecordID>1</RecordID><AccountID>0</AccountID><Description></Description><DebitAmount><Amount>0</Amount><CurrencyCode>NOK</CurrencyCode><CurrencyAmount>0</CurrencyAmount></DebitAmount></Line><Line><RecordID>1</RecordID><AccountID>0</AccountID><Description></Description><CreditAmount><Amount>0</Amount><CurrencyCode>NOK</CurrencyCode><CurrencyAmount>0</CurrencyAmount></CreditAmount></Line></Transaction><Transaction><TransactionID>5801</TransactionID><Period>01</Period><PeriodYear>2021</PeriodYear><TransactionDate>2021-01-13</TransactionDate><Description></Description><SystemEntryDate>2021-01-13</SystemEntryDate><GLPostingDate>2021-01-13</GLPostingDate><Line><RecordID>1</RecordID><AccountID>0</AccountID><Description></Description><DebitAmount><Amount>0</Amount><CurrencyCode>NOK</CurrencyCode><CurrencyAmount>0</CurrencyAmount></DebitAmount></Line><Line><RecordID>1</RecordID><AccountID>0</AccountID><Description></Description><CreditAmount><Amount>0</Amount><CurrencyCode>NOK</CurrencyCode><CurrencyAmount>0</CurrencyAmount></CreditAmount></Line></Transaction><Transaction><TransactionID>4521</TransactionID><Period>12</Period><PeriodYear>2019</PeriodYear><TransactionDate>2019-12-09</TransactionDate><Description></Description><SystemEntryDate>2019-12-09</SystemEntryDate><GLPostingDate>2019-12-09</GLPostingDate><Line><RecordID>1</RecordID><AccountID>1920</AccountID><Description></Description><DebitAmount><Amount>25000.00</Amount><CurrencyCode>NOK</CurrencyCode><CurrencyAmount>0</CurrencyAmount></DebitAmount></Line><Line><RecordID>1</RecordID><AccountID>2260</AccountID><Description></Description><CreditAmount><Amount>25000.00</Amount><CurrencyCode>NOK</CurrencyCode><CurrencyAmount>0</CurrencyAmount></CreditAmount></Line></Transaction><Transaction><TransactionID>5251</TransactionID><Period>11</Period><PeriodYear>2020</PeriodYear><TransactionDate>2020-11-05</TransactionDate><Description></Description><SystemEntryDate>2020-11-05</SystemEntryDate><GLPostingDate>2020-11-05</GLPostingDate><Line><RecordID>1</RecordID><AccountID>0</AccountID><Description></Description><DebitAmount><Amount>0</Amount><CurrencyCode>NOK</CurrencyCode><CurrencyAmount>0</CurrencyAmount></DebitAmount></Line><Line><RecordID>1</RecordID><AccountID>0</AccountID><Description></Description><CreditAmount><Amount>0</Amount><CurrencyCode>NOK</CurrencyCode><CurrencyAmount>0</CurrencyAmount></CreditAmount></Line></Transaction><Transaction><TransactionID>3376</TransactionID><Period>04</Period><PeriodYear>2019</PeriodYear><TransactionDate>2019-04-02</TransactionDate><Description></Description><SystemEntryDate>2019-04-02</SystemEntryDate><GLPostingDate>2019-04-02</GLPostingDate><Line><RecordID>1</RecordID><AccountID>1920</AccountID><Description></Description><DebitAmount><Amount>30000.00</Amount><CurrencyCode>NOK</CurrencyCode><CurrencyAmount>0</CurrencyAmount></DebitAmount></Line><Line><RecordID>1</RecordID><AccountID>2260</AccountID><Description></Description><CreditAmount><Amount>30000.00</Amount><CurrencyCode>NOK</CurrencyCode><CurrencyAmount>0</CurrencyAmount></CreditAmount></Line></Transaction><Transaction><TransactionID>5126</TransactionID><Period>08</Period><PeriodYear>2020</PeriodYear><TransactionDate>2020-08-05</TransactionDate><Description></Description><SystemEntryDate>2020-08-05</SystemEntryDate><GLPostingDate>2020-08-05</GLPostingDate><Line><RecordID>1</RecordID><AccountID>1920</AccountID><Description></Description><DebitAmount><Amount>3000.00</Amount><CurrencyCode>NOK</CurrencyCode><CurrencyAmount>0</CurrencyAmount></DebitAmount></Line><Line><RecordID>1</RecordID><AccountID>2260</AccountID><Description></Description><CreditAmount><Amount>3000.00</Amount><CurrencyCode>NOK</CurrencyCode><CurrencyAmount>0</CurrencyAmount></CreditAmount></Line></Transaction><Transaction><TransactionID>5764</TransactionID><Period>01</Period><PeriodYear>2021</PeriodYear><TransactionDate>2021-01-04</TransactionDate><Description></Description><SystemEntryDate>2021-01-04</SystemEntryDate><GLPostingDate>2021-01-04</GLPostingDate><Line><RecordID>1</RecordID><AccountID>0</AccountID><Description></Description><DebitAmount><Amount>0</Amount><CurrencyCode>NOK</CurrencyCode><CurrencyAmount>0</CurrencyAmount></DebitAmount></Line><Line><RecordID>1</RecordID><AccountID>0</AccountID><Description></Description><CreditAmount><Amount>0</Amount><CurrencyCode>NOK</CurrencyCode><CurrencyAmount>0</CurrencyAmount></CreditAmount></Line></Transaction><Transaction><TransactionID>4814</TransactionID><Period>01</Period><PeriodYear>2020</PeriodYear><TransactionDate>2020-01-31</TransactionDate><Description></Description><SystemEntryDate>2020-01-31</SystemEntryDate><GLPostingDate>2020-01-31</GLPostingDate><Line><RecordID>1</RecordID><AccountID>1920</AccountID><Description></Description><DebitAmount><Amount>35000.00</Amount><CurrencyCode>NOK</CurrencyCode><CurrencyAmount>0</CurrencyAmount></DebitAmount></Line><Line><RecordID>1</RecordID><AccountID>2260</AccountID><Description></Description><CreditAmount><Amount>35000.00</Amount><CurrencyCode>NOK</CurrencyCode><CurrencyAmount>0</CurrencyAmount></CreditAmount></Line></Transaction><Transaction><TransactionID>5244</TransactionID><Period>08</Period><PeriodYear>2020</PeriodYear><TransactionDate>2020-08-18</TransactionDate><Description></Description><SystemEntryDate>2020-08-18</SystemEntryDate><GLPostingDate>2020-08-18</GLPostingDate><Line><RecordID>1</RecordID><AccountID>1920</AccountID><Description></Description><DebitAmount><Amount>50000.00</Amount><CurrencyCode>NOK</CurrencyCode><CurrencyAmount>0</CurrencyAmount></DebitAmount></Line><Line><RecordID>1</RecordID><AccountID>2260</AccountID><Description></Description><CreditAmount><Amount>50000.00</Amount><CurrencyCode>NOK</CurrencyCode><CurrencyAmount>0</CurrencyAmount></CreditAmount></Line></Transaction><Transaction><TransactionID>5928</TransactionID><Period>02</Period><PeriodYear>2021</PeriodYear><TransactionDate>2021-02-08</TransactionDate><Description></Description><SystemEntryDate>2021-02-08</SystemEntryDate><GLPostingDate>2021-02-08</GLPostingDate><Line><RecordID>1</RecordID><AccountID>0</AccountID><Description></Description><DebitAmount><Amount>0</Amount><CurrencyCode>NOK</CurrencyCode><CurrencyAmount>0</CurrencyAmount></DebitAmount></Line><Line><RecordID>1</RecordID><AccountID>0</AccountID><Description></Description><CreditAmount><Amount>0</Amount><CurrencyCode>NOK</CurrencyCode><CurrencyAmount>0</CurrencyAmount></CreditAmount></Line></Transaction><Transaction><TransactionID>3306</TransactionID><Period>02</Period><PeriodYear>2019</PeriodYear><TransactionDate>2019-02-07</TransactionDate><Description></Description><SystemEntryDate>2019-02-07</SystemEntryDate><GLPostingDate>2019-02-07</GLPostingDate><Line><RecordID>1</RecordID><AccountID>1920</AccountID><Description></Description><DebitAmount><Amount>12500.00</Amount><CurrencyCode>NOK</CurrencyCode><CurrencyAmount>0</CurrencyAmount></DebitAmount></Line><Line><RecordID>1</RecordID><AccountID>2260</AccountID><Description></Description><CreditAmount><Amount>12500.00</Amount><CurrencyCode>NOK</CurrencyCode><CurrencyAmount>0</CurrencyAmount></CreditAmount></Line></Transaction><Transaction><TransactionID>5114</TransactionID><Period>07</Period><PeriodYear>2020</PeriodYear><TransactionDate>2020-07-13</TransactionDate><Description></Description><SystemEntryDate>2020-07-13</SystemEntryDate><GLPostingDate>2020-07-13</GLPostingDate><Line><RecordID>1</RecordID><AccountID>1920</AccountID><Description></Description><DebitAmount><Amount>25000.00</Amount><CurrencyCode>NOK</CurrencyCode><CurrencyAmount>0</CurrencyAmount></DebitAmount></Line><Line><RecordID>1</RecordID><AccountID>2260</AccountID><Description></Description><CreditAmount><Amount>25000.00</Amount><CurrencyCode>NOK</CurrencyCode><CurrencyAmount>0</CurrencyAmount></CreditAmount></Line></Transaction><Transaction><TransactionID>5727</TransactionID><Period>12</Period><PeriodYear>2020</PeriodYear><TransactionDate>2020-12-15</TransactionDate><Description></Description><SystemEntryDate>2020-12-15</SystemEntryDate><GLPostingDate>2020-12-15</GLPostingDate><Line><RecordID>1</RecordID><AccountID>0</AccountID><Description></Description><DebitAmount><Amount>0</Amount><CurrencyCode>NOK</CurrencyCode><CurrencyAmount>0</CurrencyAmount></DebitAmount></Line><Line><RecordID>1</RecordID><AccountID>0</AccountID><Description></Description><CreditAmount><Amount>0</Amount><CurrencyCode>NOK</CurrencyCode><CurrencyAmount>0</CurrencyAmount></CreditAmount></Line></Transaction><Transaction><TransactionID>4780</TransactionID><Period>02</Period><PeriodYear>2020</PeriodYear><TransactionDate>2020-02-05</TransactionDate><Description></Description><SystemEntryDate>2020-02-05</SystemEntryDate><GLPostingDate>2020-02-05</GLPostingDate><Line><RecordID>1</RecordID><AccountID>1920</AccountID><Description></Description><DebitAmount><Amount>2000.00</Amount><CurrencyCode>NOK</CurrencyCode><CurrencyAmount>0</CurrencyAmount></DebitAmount></Line><Line><RecordID>1</RecordID><AccountID>2260</AccountID><Description></Description><CreditAmount><Amount>2000.00</Amount><CurrencyCode>NOK</CurrencyCode><CurrencyAmount>0</CurrencyAmount></CreditAmount></Line></Transaction><Transaction><TransactionID>5899</TransactionID><Period>02</Period><PeriodYear>2021</PeriodYear><TransactionDate>2021-02-04</TransactionDate><Description></Description><SystemEntryDate>2021-02-04</SystemEntryDate><GLPostingDate>2021-02-04</GLPostingDate><Line><RecordID>1</RecordID><AccountID>0</AccountID><Description></Description><DebitAmount><Amount>0</Amount><CurrencyCode>NOK</CurrencyCode><CurrencyAmount>0</CurrencyAmount></DebitAmount></Line><Line><RecordID>1</RecordID><AccountID>0</AccountID><Description></Description><CreditAmount><Amount>0</Amount><CurrencyCode>NOK</CurrencyCode><CurrencyAmount>0</CurrencyAmount></CreditAmount></Line></Transaction><Transaction><TransactionID>5243</TransactionID><Period>03</Period><PeriodYear>2020</PeriodYear><TransactionDate>2020-03-12</TransactionDate><Description></Description><SystemEntryDate>2020-03-12</SystemEntryDate><GLPostingDate>2020-03-12</GLPostingDate><Line><RecordID>1</RecordID><AccountID>0</AccountID><Description></Description><DebitAmount><Amount>0</Amount><CurrencyCode>NOK</CurrencyCode><CurrencyAmount>0</CurrencyAmount></DebitAmount></Line><Line><RecordID>1</RecordID><AccountID>0</AccountID><Description></Description><CreditAmount><Amount>0</Amount><CurrencyCode>NOK</CurrencyCode><CurrencyAmount>0</CurrencyAmount></CreditAmount></Line></Transaction><Transaction><TransactionID>5863</TransactionID><Period>01</Period><PeriodYear>2021</PeriodYear><TransactionDate>2021-01-29</TransactionDate><Description></Description><SystemEntryDate>2021-01-29</SystemEntryDate><GLPostingDate>2021-01-29</GLPostingDate><Line><RecordID>1</RecordID><AccountID>0</AccountID><Description></Description><DebitAmount><Amount>0</Amount><CurrencyCode>NOK</CurrencyCode><CurrencyAmount>0</CurrencyAmount></DebitAmount></Line><Line><RecordID>1</RecordID><AccountID>0</AccountID><Description></Description><CreditAmount><Amount>0</Amount><CurrencyCode>NOK</CurrencyCode><CurrencyAmount>0</CurrencyAmount></CreditAmount></Line></Transaction><Transaction><TransactionID>5040</TransactionID><Period>05</Period><PeriodYear>2020</PeriodYear><TransactionDate>2020-05-14</TransactionDate><Description></Description><SystemEntryDate>2020-05-14</SystemEntryDate><GLPostingDate>2020-05-14</GLPostingDate><Line><RecordID>1</RecordID><AccountID>0</AccountID><Description></Description><DebitAmount><Amount>0</Amount><CurrencyCode>NOK</CurrencyCode><CurrencyAmount>0</CurrencyAmount></DebitAmount></Line><Line><RecordID>1</RecordID><AccountID>0</AccountID><Description></Description><CreditAmount><Amount>0</Amount><CurrencyCode>NOK</CurrencyCode><CurrencyAmount>0</CurrencyAmount></CreditAmount></Line></Transaction><Transaction><TransactionID>5318</TransactionID><Period>12</Period><PeriodYear>2020</PeriodYear><TransactionDate>2020-12-03</TransactionDate><Description></Description><SystemEntryDate>2020-12-03</SystemEntryDate><GLPostingDate>2020-12-03</GLPostingDate><Line><RecordID>1</RecordID><AccountID>0</AccountID><Description></Description><DebitAmount><Amount>0</Amount><CurrencyCode>NOK</CurrencyCode><CurrencyAmount>0</CurrencyAmount></DebitAmount></Line><Line><RecordID>1</RecordID><AccountID>0</AccountID><Description></Description><CreditAmount><Amount>0</Amount><CurrencyCode>NOK</CurrencyCode><CurrencyAmount>0</CurrencyAmount></CreditAmount></Line></Transaction><Transaction><TransactionID>4681</TransactionID><Period>01</Period><PeriodYear>2020</PeriodYear><TransactionDate>2020-01-24</TransactionDate><Description></Description><SystemEntryDate>2020-01-24</SystemEntryDate><GLPostingDate>2020-01-24</GLPostingDate><Line><RecordID>1</RecordID><AccountID>1920</AccountID><Description></Description><DebitAmount><Amount>70000.00</Amount><CurrencyCode>NOK</CurrencyCode><CurrencyAmount>0</CurrencyAmount></DebitAmount></Line><Line><RecordID>1</RecordID><AccountID>2260</AccountID><Description></Description><CreditAmount><Amount>70000.00</Amount><CurrencyCode>NOK</CurrencyCode><CurrencyAmount>0</CurrencyAmount></CreditAmount></Line></Transaction><Transaction><TransactionID>5242</TransactionID><Period>10</Period><PeriodYear>2020</PeriodYear><TransactionDate>2020-10-29</TransactionDate><Description></Description><SystemEntryDate>2020-10-29</SystemEntryDate><GLPostingDate>2020-10-29</GLPostingDate><Line><RecordID>1</RecordID><AccountID>1920</AccountID><Description></Description><DebitAmount><Amount>380000.00</Amount><CurrencyCode>NOK</CurrencyCode><CurrencyAmount>0</CurrencyAmount></DebitAmount></Line><Line><RecordID>1</RecordID><AccountID>2260</AccountID><Description></Description><CreditAmount><Amount>380000.00</Amount><CurrencyCode>NOK</CurrencyCode><CurrencyAmount>0</CurrencyAmount></CreditAmount></Line></Transaction><Transaction><TransactionID>5898</TransactionID><Period>02</Period><PeriodYear>2021</PeriodYear><TransactionDate>2021-02-04</TransactionDate><Description></Description><SystemEntryDate>2021-02-04</SystemEntryDate><GLPostingDate>2021-02-04</GLPostingDate><Line><RecordID>1</RecordID><AccountID>0</AccountID><Description></Description><DebitAmount><Amount>0</Amount><CurrencyCode>NOK</CurrencyCode><CurrencyAmount>0</CurrencyAmount></DebitAmount></Line><Line><RecordID>1</RecordID><AccountID>0</AccountID><Description></Description><CreditAmount><Amount>0</Amount><CurrencyCode>NOK</CurrencyCode><CurrencyAmount>0</CurrencyAmount></CreditAmount></Line></Transaction><Transaction><TransactionID>3181</TransactionID><Period>11</Period><PeriodYear>2018</PeriodYear><TransactionDate>2018-11-16</TransactionDate><Description></Description><SystemEntryDate>2018-11-16</SystemEntryDate><GLPostingDate>2018-11-16</GLPostingDate><Line><RecordID>1</RecordID><AccountID>1920</AccountID><Description></Description><DebitAmount><Amount>210000.00</Amount><CurrencyCode>NOK</CurrencyCode><CurrencyAmount>0</CurrencyAmount></DebitAmount></Line><Line><RecordID>1</RecordID><AccountID>2260</AccountID><Description></Description><CreditAmount><Amount>210000.00</Amount><CurrencyCode>NOK</CurrencyCode><CurrencyAmount>0</CurrencyAmount></CreditAmount></Line></Transaction><Transaction><TransactionID>5841</TransactionID><Period>01</Period><PeriodYear>2021</PeriodYear><TransactionDate>2021-01-18</TransactionDate><Description></Description><SystemEntryDate>2021-01-18</SystemEntryDate><GLPostingDate>2021-01-18</GLPostingDate><Line><RecordID>1</RecordID><AccountID>0</AccountID><Description></Description><DebitAmount><Amount>0</Amount><CurrencyCode>NOK</CurrencyCode><CurrencyAmount>0</CurrencyAmount></DebitAmount></Line><Line><RecordID>1</RecordID><AccountID>0</AccountID><Description></Description><CreditAmount><Amount>0</Amount><CurrencyCode>NOK</CurrencyCode><CurrencyAmount>0</CurrencyAmount></CreditAmount></Line></Transaction><Transaction><TransactionID>2919</TransactionID><Period>06</Period><PeriodYear>2018</PeriodYear><TransactionDate>2018-06-30</TransactionDate><Description></Description><SystemEntryDate>2018-06-30</SystemEntryDate><GLPostingDate>2018-06-30</GLPostingDate><Line><RecordID>1</RecordID><AccountID>1920</AccountID><Description></Description><DebitAmount><Amount>1.00</Amount><CurrencyCode>NOK</CurrencyCode><CurrencyAmount>0</CurrencyAmount></DebitAmount></Line><Line><RecordID>1</RecordID><AccountID>8051</AccountID><Description></Description><CreditAmount><Amount>1.00</Amount><CurrencyCode>NOK</CurrencyCode><CurrencyAmount>0</CurrencyAmount></CreditAmount></Line></Transaction><Transaction><TransactionID>4910</TransactionID><Period>02</Period><PeriodYear>2020</PeriodYear><TransactionDate>2020-02-29</TransactionDate><Description></Description><SystemEntryDate>2020-02-29</SystemEntryDate><GLPostingDate>2020-02-29</GLPostingDate><Line><RecordID>1</RecordID><AccountID>1920</AccountID><Description></Description><DebitAmount><Amount>1.00</Amount><CurrencyCode>NOK</CurrencyCode><CurrencyAmount>0</CurrencyAmount></DebitAmount></Line><Line><RecordID>1</RecordID><AccountID>8051</AccountID><Description></Description><CreditAmount><Amount>1.00</Amount><CurrencyCode>NOK</CurrencyCode><CurrencyAmount>0</CurrencyAmount></CreditAmount></Line></Transaction><Transaction><TransactionID>4574</TransactionID><Period>02</Period><PeriodYear>2019</PeriodYear><TransactionDate>2019-02-28</TransactionDate><Description></Description><SystemEntryDate>2019-02-28</SystemEntryDate><GLPostingDate>2019-02-28</GLPostingDate><Line><RecordID>1</RecordID><AccountID>0</AccountID><Description></Description><DebitAmount><Amount>0</Amount><CurrencyCode>NOK</CurrencyCode><CurrencyAmount>0</CurrencyAmount></DebitAmount></Line><Line><RecordID>1</RecordID><AccountID>0</AccountID><Description></Description><CreditAmount><Amount>0</Amount><CurrencyCode>NOK</CurrencyCode><CurrencyAmount>0</CurrencyAmount></CreditAmount></Line></Transaction><Transaction><TransactionID>2815</TransactionID><Period>05</Period><PeriodYear>2018</PeriodYear><TransactionDate>2018-05-31</TransactionDate><Description></Description><SystemEntryDate>2018-05-31</SystemEntryDate><GLPostingDate>2018-05-31</GLPostingDate><Line><RecordID>1</RecordID><AccountID>1920</AccountID><Description></Description><DebitAmount><Amount>3.00</Amount><CurrencyCode>NOK</CurrencyCode><CurrencyAmount>0</CurrencyAmount></DebitAmount></Line><Line><RecordID>1</RecordID><AccountID>8051</AccountID><Description></Description><CreditAmount><Amount>3.00</Amount><CurrencyCode>NOK</CurrencyCode><CurrencyAmount>0</CurrencyAmount></CreditAmount></Line></Transaction><Transaction><TransactionID>4444</TransactionID><Period>04</Period><PeriodYear>2019</PeriodYear><TransactionDate>2019-04-30</TransactionDate><Description></Description><SystemEntryDate>2019-04-30</SystemEntryDate><GLPostingDate>2019-04-30</GLPostingDate><Line><RecordID>1</RecordID><AccountID>0</AccountID><Description></Description><DebitAmount><Amount>0</Amount><CurrencyCode>NOK</CurrencyCode><CurrencyAmount>0</CurrencyAmount></DebitAmount></Line><Line><RecordID>1</RecordID><AccountID>0</AccountID><Description></Description><CreditAmount><Amount>0</Amount><CurrencyCode>NOK</CurrencyCode><CurrencyAmount>0</CurrencyAmount></CreditAmount></Line></Transaction><Transaction><TransactionID>4545</TransactionID><Period>08</Period><PeriodYear>2018</PeriodYear><TransactionDate>2018-08-31</TransactionDate><Description></Description><SystemEntryDate>2018-08-31</SystemEntryDate><GLPostingDate>2018-08-31</GLPostingDate><Line><RecordID>1</RecordID><AccountID>0</AccountID><Description></Description><DebitAmount><Amount>0</Amount><CurrencyCode>NOK</CurrencyCode><CurrencyAmount>0</CurrencyAmount></DebitAmount></Line><Line><RecordID>1</RecordID><AccountID>0</AccountID><Description></Description><CreditAmount><Amount>0</Amount><CurrencyCode>NOK</CurrencyCode><CurrencyAmount>0</CurrencyAmount></CreditAmount></Line></Transaction><Transaction><TransactionID>4273</TransactionID><Period>05</Period><PeriodYear>2019</PeriodYear><TransactionDate>2019-05-31</TransactionDate><Description></Description><SystemEntryDate>2019-05-31</SystemEntryDate><GLPostingDate>2019-05-31</GLPostingDate><Line><RecordID>1</RecordID><AccountID>0</AccountID><Description></Description><DebitAmount><Amount>0</Amount><CurrencyCode>NOK</CurrencyCode><CurrencyAmount>0</CurrencyAmount></DebitAmount></Line><Line><RecordID>1</RecordID><AccountID>0</AccountID><Description></Description><CreditAmount><Amount>0</Amount><CurrencyCode>NOK</CurrencyCode><CurrencyAmount>0</CurrencyAmount></CreditAmount></Line></Transaction><Transaction><TransactionID>4544</TransactionID><Period>10</Period><PeriodYear>2018</PeriodYear><TransactionDate>2018-10-31</TransactionDate><Description></Description><SystemEntryDate>2018-10-31</SystemEntryDate><GLPostingDate>2018-10-31</GLPostingDate><Line><RecordID>1</RecordID><AccountID>0</AccountID><Description></Description><DebitAmount><Amount>0</Amount><CurrencyCode>NOK</CurrencyCode><CurrencyAmount>0</CurrencyAmount></DebitAmount></Line><Line><RecordID>1</RecordID><AccountID>0</AccountID><Description></Description><CreditAmount><Amount>0</Amount><CurrencyCode>NOK</CurrencyCode><CurrencyAmount>0</CurrencyAmount></CreditAmount></Line></Transaction><Transaction><TransactionID>4228</TransactionID><Period>07</Period><PeriodYear>2019</PeriodYear><TransactionDate>2019-07-31</TransactionDate><Description></Description><SystemEntryDate>2019-07-31</SystemEntryDate><GLPostingDate>2019-07-31</GLPostingDate><Line><RecordID>1</RecordID><AccountID>0</AccountID><Description></Description><DebitAmount><Amount>0</Amount><CurrencyCode>NOK</CurrencyCode><CurrencyAmount>0</CurrencyAmount></DebitAmount></Line><Line><RecordID>1</RecordID><AccountID>0</AccountID><Description></Description><CreditAmount><Amount>0</Amount><CurrencyCode>NOK</CurrencyCode><CurrencyAmount>0</CurrencyAmount></CreditAmount></Line></Transaction><Transaction><TransactionID>4543</TransactionID><Period>11</Period><PeriodYear>2019</PeriodYear><TransactionDate>2019-11-30</TransactionDate><Description></Description><SystemEntryDate>2019-11-30</SystemEntryDate><GLPostingDate>2019-11-30</GLPostingDate><Line><RecordID>1</RecordID><AccountID>1920</AccountID><Description></Description><DebitAmount><Amount>1.00</Amount><CurrencyCode>NOK</CurrencyCode><CurrencyAmount>0</CurrencyAmount></DebitAmount></Line><Line><RecordID>1</RecordID><AccountID>8051</AccountID><Description></Description><CreditAmount><Amount>1.00</Amount><CurrencyCode>NOK</CurrencyCode><CurrencyAmount>0</CurrencyAmount></CreditAmount></Line></Transaction><Transaction><TransactionID>55401</TransactionID><Period>12</Period><PeriodYear>2019</PeriodYear><TransactionDate>2019-12-31</TransactionDate><Description>endr utsatt skatt</Description><SystemEntryDate>2019-12-31</SystemEntryDate><GLPostingDate>2019-12-31</GLPostingDate><Line><RecordID>1</RecordID><AccountID>1070</AccountID><Description>endr utsatt skatt</Description><DebitAmount><Amount>5083.00</Amount><CurrencyCode>NOK</CurrencyCode><CurrencyAmount>0</CurrencyAmount></DebitAmount></Line><Line><RecordID>1</RecordID><AccountID>8320</AccountID><Description>endr utsatt skatt</Description><CreditAmount><Amount>5083.00</Amount><CurrencyCode>NOK</CurrencyCode><CurrencyAmount>0</CurrencyAmount></CreditAmount></Line></Transaction><Transaction><TransactionID>52148</TransactionID><Period>04</Period><PeriodYear>2018</PeriodYear><TransactionDate>2018-04-30</TransactionDate><Description>kreditrenter iht kontoutskrift</Description><SystemEntryDate>2018-04-30</SystemEntryDate><GLPostingDate>2018-04-30</GLPostingDate><Line><RecordID>1</RecordID><AccountID>1920</AccountID><Description>kreditrenter iht kontoutskrift</Description><DebitAmount><Amount>1.00</Amount><CurrencyCode>NOK</CurrencyCode><CurrencyAmount>0</CurrencyAmount></DebitAmount></Line><Line><RecordID>1</RecordID><AccountID>8051</AccountID><Description>kreditrenter iht kontoutskrift</Description><CreditAmount><Amount>1.00</Amount><CurrencyCode>NOK</CurrencyCode><CurrencyAmount>0</CurrencyAmount></CreditAmount></Line></Transaction><Transaction><TransactionID>52398</TransactionID><Period>10</Period><PeriodYear>2018</PeriodYear><TransactionDate>2018-10-31</TransactionDate><Description>2016120</Description><SystemEntryDate>2018-10-31</SystemEntryDate><GLPostingDate>2018-10-31</GLPostingDate><Line><RecordID>1</RecordID><AccountID>1163</AccountID><Description>2016120</Description><DebitAmount><Amount>9828.13</Amount><CurrencyCode>NOK</CurrencyCode><CurrencyAmount>0</CurrencyAmount></DebitAmount></Line><Line><RecordID>1</RecordID><AccountID>2400</AccountID><Description>2016120</Description><CreditAmount><Amount>9828.13</Amount><CurrencyCode>NOK</CurrencyCode><CurrencyAmount>0</CurrencyAmount></CreditAmount></Line></Transaction><Transaction><TransactionID>54007</TransactionID><Period>08</Period><PeriodYear>2019</PeriodYear><TransactionDate>2019-08-20</TransactionDate><Description>systemtest Hjort</Description><SystemEntryDate>2019-08-20</SystemEntryDate><GLPostingDate>2019-08-20</GLPostingDate><Line><RecordID>1</RecordID><AccountID>7770</AccountID><Description>systemtest Hjort</Description><DebitAmount><Amount>1.00</Amount><CurrencyCode>NOK</CurrencyCode><CurrencyAmount>0</CurrencyAmount></DebitAmount></Line><Line><RecordID>1</RecordID><AccountID>1920</AccountID><Description>systemtest Hjort</Description><CreditAmount><Amount>1.00</Amount><CurrencyCode>NOK</CurrencyCode><CurrencyAmount>0</CurrencyAmount></CreditAmount></Line></Transaction><Transaction><TransactionID>55405</TransactionID><Period>01</Period><PeriodYear>2020</PeriodYear><TransactionDate>2020-01-24</TransactionDate><Description></Description><SystemEntryDate>2020-01-24</SystemEntryDate><GLPostingDate>2020-01-24</GLPostingDate><Line><RecordID>1</RecordID><AccountID>2400</AccountID><Description></Description><DebitAmount><Amount>64750.00</Amount><CurrencyCode>NOK</CurrencyCode><CurrencyAmount>0</CurrencyAmount></DebitAmount></Line><Line><RecordID>1</RecordID><AccountID>1920</AccountID><Description></Description><CreditAmount><Amount>64750.00</Amount><CurrencyCode>NOK</CurrencyCode><CurrencyAmount>0</CurrencyAmount></CreditAmount></Line></Transaction><Transaction><TransactionID>52393</TransactionID><Period>04</Period><PeriodYear>2018</PeriodYear><TransactionDate>2018-04-13</TransactionDate><Description>bet av ØV22</Description><SystemEntryDate>2018-04-13</SystemEntryDate><GLPostingDate>2018-04-13</GLPostingDate><Line><RecordID>1</RecordID><AccountID>2990</AccountID><Description>bet av ØV22</Description><DebitAmount><Amount>5570.00</Amount><CurrencyCode>NOK</CurrencyCode><CurrencyAmount>0</CurrencyAmount></DebitAmount></Line><Line><RecordID>1</RecordID><AccountID>2400</AccountID><Description>bet av ØV22</Description><CreditAmount><Amount>5570.00</Amount><CurrencyCode>NOK</CurrencyCode><CurrencyAmount>0</CurrencyAmount></CreditAmount></Line></Transaction><Transaction><TransactionID>55651</TransactionID><Period>05</Period><PeriodYear>2020</PeriodYear><TransactionDate>2020-05-31</TransactionDate><Description></Description><SystemEntryDate>2020-05-31</SystemEntryDate><GLPostingDate>2020-05-31</GLPostingDate><Line><RecordID>1</RecordID><AccountID>1920</AccountID><Description></Description><DebitAmount><Amount>1.00</Amount><CurrencyCode>NOK</CurrencyCode><CurrencyAmount>0</CurrencyAmount></DebitAmount></Line><Line><RecordID>1</RecordID><AccountID>8051</AccountID><Description></Description><CreditAmount><Amount>1.00</Amount><CurrencyCode>NOK</CurrencyCode><CurrencyAmount>0</CurrencyAmount></CreditAmount></Line></Transaction><Transaction><TransactionID>53613</TransactionID><Period>12</Period><PeriodYear>2018</PeriodYear><TransactionDate>2018-12-31</TransactionDate><Description>endring utsatt skatt</Description><SystemEntryDate>2018-12-31</SystemEntryDate><GLPostingDate>2018-12-31</GLPostingDate><Line><RecordID>1</RecordID><AccountID>1070</AccountID><Description>endring utsatt skatt</Description><DebitAmount><Amount>2416.00</Amount><CurrencyCode>NOK</CurrencyCode><CurrencyAmount>0</CurrencyAmount></DebitAmount></Line><Line><RecordID>1</RecordID><AccountID>8320</AccountID><Description>endring utsatt skatt</Description><CreditAmount><Amount>2416.00</Amount><CurrencyCode>NOK</CurrencyCode><CurrencyAmount>0</CurrencyAmount></CreditAmount></Line></Transaction><Transaction><TransactionID>55400</TransactionID><Period>12</Period><PeriodYear>2020</PeriodYear><TransactionDate>2020-12-31</TransactionDate><Description>KB vedtatt</Description><SystemEntryDate>2020-12-31</SystemEntryDate><GLPostingDate>2020-12-31</GLPostingDate><Line><RecordID>1</RecordID><AccountID>2260</AccountID><Description>KB vedtatt</Description><DebitAmount><Amount>970000.00</Amount><CurrencyCode>NOK</CurrencyCode><CurrencyAmount>0</CurrencyAmount></DebitAmount></Line><Line><RecordID>1</RecordID><AccountID>2030</AccountID><Description>KB vedtatt</Description><CreditAmount><Amount>970000.00</Amount><CurrencyCode>NOK</CurrencyCode><CurrencyAmount>0</CurrencyAmount></CreditAmount></Line></Transaction><Transaction><TransactionID>52146</TransactionID><Period>04</Period><PeriodYear>2018</PeriodYear><TransactionDate>2018-04-09</TransactionDate><Description>AK</Description><SystemEntryDate>2018-04-09</SystemEntryDate><GLPostingDate>2018-04-09</GLPostingDate><Line><RecordID>1</RecordID><AccountID>1920</AccountID><Description>AK</Description><DebitAmount><Amount>30000.00</Amount><CurrencyCode>NOK</CurrencyCode><CurrencyAmount>0</CurrencyAmount></DebitAmount></Line><Line><RecordID>1</RecordID><AccountID>2000</AccountID><Description>AK</Description><CreditAmount><Amount>30000.00</Amount><CurrencyCode>NOK</CurrencyCode><CurrencyAmount>0</CurrencyAmount></CreditAmount></Line></Transaction><Transaction><TransactionID>52397</TransactionID><Period>05</Period><PeriodYear>2018</PeriodYear><TransactionDate>2018-05-31</TransactionDate><Description>2016037</Description><SystemEntryDate>2018-05-31</SystemEntryDate><GLPostingDate>2018-05-31</GLPostingDate><Line><RecordID>1</RecordID><AccountID>1163</AccountID><Description>2016037</Description><DebitAmount><Amount>750.00</Amount><CurrencyCode>NOK</CurrencyCode><CurrencyAmount>0</CurrencyAmount></DebitAmount></Line><Line><RecordID>1</RecordID><AccountID>2400</AccountID><Description>2016037</Description><CreditAmount><Amount>750.00</Amount><CurrencyCode>NOK</CurrencyCode><CurrencyAmount>0</CurrencyAmount></CreditAmount></Line></Transaction><Transaction><TransactionID>54006</TransactionID><Period>07</Period><PeriodYear>2019</PeriodYear><TransactionDate>2019-07-31</TransactionDate><Description></Description><SystemEntryDate>2019-07-31</SystemEntryDate><GLPostingDate>2019-07-31</GLPostingDate><Line><RecordID>1</RecordID><AccountID>1920</AccountID><Description></Description><DebitAmount><Amount>1.00</Amount><CurrencyCode>NOK</CurrencyCode><CurrencyAmount>0</CurrencyAmount></DebitAmount></Line><Line><RecordID>1</RecordID><AccountID>8051</AccountID><Description></Description><CreditAmount><Amount>1.00</Amount><CurrencyCode>NOK</CurrencyCode><CurrencyAmount>0</CurrencyAmount></CreditAmount></Line></Transaction><Transaction><TransactionID>55404</TransactionID><Period>12</Period><PeriodYear>2019</PeriodYear><TransactionDate>2019-12-31</TransactionDate><Description></Description><SystemEntryDate>2019-12-31</SystemEntryDate><GLPostingDate>2019-12-31</GLPostingDate><Line><RecordID>1</RecordID><AccountID>2260</AccountID><Description></Description><DebitAmount><Amount>970000.00</Amount><CurrencyCode>NOK</CurrencyCode><CurrencyAmount>0</CurrencyAmount></DebitAmount></Line><Line><RecordID>1</RecordID><AccountID>2030</AccountID><Description></Description><CreditAmount><Amount>970000.00</Amount><CurrencyCode>NOK</CurrencyCode><CurrencyAmount>0</CurrencyAmount></CreditAmount></Line></Transaction><Transaction><TransactionID>52151</TransactionID><Period>10</Period><PeriodYear>2018</PeriodYear><TransactionDate>2018-10-31</TransactionDate><Description>kreditrenter iht kontoutskrift</Description><SystemEntryDate>2018-10-31</SystemEntryDate><GLPostingDate>2018-10-31</GLPostingDate><Line><RecordID>1</RecordID><AccountID>1920</AccountID><Description>kreditrenter iht kontoutskrift</Description><DebitAmount><Amount>1.00</Amount><CurrencyCode>NOK</CurrencyCode><CurrencyAmount>0</CurrencyAmount></DebitAmount></Line><Line><RecordID>1</RecordID><AccountID>8051</AccountID><Description>kreditrenter iht kontoutskrift</Description><CreditAmount><Amount>1.00</Amount><CurrencyCode>NOK</CurrencyCode><CurrencyAmount>0</CurrencyAmount></CreditAmount></Line></Transaction><Transaction><TransactionID>52470</TransactionID><Period>12</Period><PeriodYear>2018</PeriodYear><TransactionDate>2018-12-31</TransactionDate><Description>diff stiftelseskostn</Description><SystemEntryDate>2018-12-31</SystemEntryDate><GLPostingDate>2018-12-31</GLPostingDate><Line><RecordID>1</RecordID><AccountID>2990</AccountID><Description>diff stiftelseskostn</Description><DebitAmount><Amount>55.00</Amount><CurrencyCode>NOK</CurrencyCode><CurrencyAmount>0</CurrencyAmount></DebitAmount></Line><Line><RecordID>1</RecordID><AccountID>6701</AccountID><Description>diff stiftelseskostn</Description><CreditAmount><Amount>55.00</Amount><CurrencyCode>NOK</CurrencyCode><CurrencyAmount>0</CurrencyAmount></CreditAmount></Line></Transaction><Transaction><TransactionID>55650</TransactionID><Period>05</Period><PeriodYear>2020</PeriodYear><TransactionDate>2020-05-14</TransactionDate><Description></Description><SystemEntryDate>2020-05-14</SystemEntryDate><GLPostingDate>2020-05-14</GLPostingDate><Line><RecordID>1</RecordID><AccountID>1920</AccountID><Description></Description><DebitAmount><Amount>5000.00</Amount><CurrencyCode>NOK</CurrencyCode><CurrencyAmount>0</CurrencyAmount></DebitAmount></Line><Line><RecordID>1</RecordID><AccountID>2260</AccountID><Description></Description><CreditAmount><Amount>5000.00</Amount><CurrencyCode>NOK</CurrencyCode><CurrencyAmount>0</CurrencyAmount></CreditAmount></Line></Transaction><Transaction><TransactionID>54660</TransactionID><Period>12</Period><PeriodYear>2019</PeriodYear><TransactionDate>2019-12-31</TransactionDate><Description>rentekostn 2019</Description><SystemEntryDate>2019-12-31</SystemEntryDate><GLPostingDate>2019-12-31</GLPostingDate><Line><RecordID>1</RecordID><AccountID>8167</AccountID><Description>rentekostn 2019</Description><DebitAmount><Amount>4449.50</Amount><CurrencyCode>NOK</CurrencyCode><CurrencyAmount>0</CurrencyAmount></DebitAmount></Line><Line><RecordID>1</RecordID><AccountID>2260</AccountID><Description>rentekostn 2019</Description><CreditAmount><Amount>4449.50</Amount><CurrencyCode>NOK</CurrencyCode><CurrencyAmount>0</CurrencyAmount></CreditAmount></Line></Transaction><Transaction><TransactionID>55648</TransactionID><Period>03</Period><PeriodYear>2020</PeriodYear><TransactionDate>2020-03-12</TransactionDate><Description></Description><SystemEntryDate>2020-03-12</SystemEntryDate><GLPostingDate>2020-03-12</GLPostingDate><Line><RecordID>1</RecordID><AccountID>1920</AccountID><Description></Description><DebitAmount><Amount>365000.00</Amount><CurrencyCode>NOK</CurrencyCode><CurrencyAmount>0</CurrencyAmount></DebitAmount></Line><Line><RecordID>1</RecordID><AccountID>2260</AccountID><Description></Description><CreditAmount><Amount>365000.00</Amount><CurrencyCode>NOK</CurrencyCode><CurrencyAmount>0</CurrencyAmount></CreditAmount></Line></Transaction><Transaction><TransactionID>52396</TransactionID><Period>05</Period><PeriodYear>2018</PeriodYear><TransactionDate>2018-05-31</TransactionDate><Description>2016003</Description><SystemEntryDate>2018-05-31</SystemEntryDate><GLPostingDate>2018-05-31</GLPostingDate><Line><RecordID>1</RecordID><AccountID>1163</AccountID><Description>2016003</Description><DebitAmount><Amount>3468.75</Amount><CurrencyCode>NOK</CurrencyCode><CurrencyAmount>0</CurrencyAmount></DebitAmount></Line><Line><RecordID>1</RecordID><AccountID>2400</AccountID><Description>2016003</Description><CreditAmount><Amount>3468.75</Amount><CurrencyCode>NOK</CurrencyCode><CurrencyAmount>0</CurrencyAmount></CreditAmount></Line></Transaction><Transaction><TransactionID>53617</TransactionID><Period>05</Period><PeriodYear>2019</PeriodYear><TransactionDate>2019-05-31</TransactionDate><Description></Description><SystemEntryDate>2019-05-31</SystemEntryDate><GLPostingDate>2019-05-31</GLPostingDate><Line><RecordID>1</RecordID><AccountID>1920</AccountID><Description></Description><DebitAmount><Amount>1.00</Amount><CurrencyCode>NOK</CurrencyCode><CurrencyAmount>0</CurrencyAmount></DebitAmount></Line><Line><RecordID>1</RecordID><AccountID>8051</AccountID><Description></Description><CreditAmount><Amount>1.00</Amount><CurrencyCode>NOK</CurrencyCode><CurrencyAmount>0</CurrencyAmount></CreditAmount></Line></Transaction><Transaction><TransactionID>55403</TransactionID><Period>12</Period><PeriodYear>2019</PeriodYear><TransactionDate>2019-12-31</TransactionDate><Description></Description><SystemEntryDate>2019-12-31</SystemEntryDate><GLPostingDate>2019-12-31</GLPostingDate><Line><RecordID>1</RecordID><AccountID>2030</AccountID><Description></Description><DebitAmount><Amount>26591.13</Amount><CurrencyCode>NOK</CurrencyCode><CurrencyAmount>0</CurrencyAmount></DebitAmount></Line><Line><RecordID>1</RecordID><AccountID>8960</AccountID><Description></Description><CreditAmount><Amount>26591.13</Amount><CurrencyCode>NOK</CurrencyCode><CurrencyAmount>0</CurrencyAmount></CreditAmount></Line></Transaction><Transaction><TransactionID>52150</TransactionID><Period>10</Period><PeriodYear>2018</PeriodYear><TransactionDate>2018-10-26</TransactionDate><Description>bet Syn fakt gj ØV 22 AS</Description><SystemEntryDate>2018-10-26</SystemEntryDate><GLPostingDate>2018-10-26</GLPostingDate><Line><RecordID>1</RecordID><AccountID>2260</AccountID><Description>bet Syn fakt gj ØV 22 AS</Description><DebitAmount><Amount>4187.50</Amount><CurrencyCode>NOK</CurrencyCode><CurrencyAmount>0</CurrencyAmount></DebitAmount></Line><Line><RecordID>1</RecordID><AccountID>1920</AccountID><Description>bet Syn fakt gj ØV 22 AS</Description><CreditAmount><Amount>4187.50</Amount><CurrencyCode>NOK</CurrencyCode><CurrencyAmount>0</CurrencyAmount></CreditAmount></Line></Transaction><Transaction><TransactionID>52400</TransactionID><Period>12</Period><PeriodYear>2018</PeriodYear><TransactionDate>2018-12-31</TransactionDate><Description>2016213</Description><SystemEntryDate>2018-12-31</SystemEntryDate><GLPostingDate>2018-12-31</GLPostingDate><Line><RecordID>1</RecordID><AccountID>1163</AccountID><Description>2016213</Description><DebitAmount><Amount>9560.48</Amount><CurrencyCode>NOK</CurrencyCode><CurrencyAmount>0</CurrencyAmount></DebitAmount></Line><Line><RecordID>1</RecordID><AccountID>2400</AccountID><Description>2016213</Description><CreditAmount><Amount>9560.48</Amount><CurrencyCode>NOK</CurrencyCode><CurrencyAmount>0</CurrencyAmount></CreditAmount></Line></Transaction><Transaction><TransactionID>55649</TransactionID><Period>05</Period><PeriodYear>2020</PeriodYear><TransactionDate>2020-05-05</TransactionDate><Description></Description><SystemEntryDate>2020-05-05</SystemEntryDate><GLPostingDate>2020-05-05</GLPostingDate><Line><RecordID>1</RecordID><AccountID>1920</AccountID><Description></Description><DebitAmount><Amount>5000.00</Amount><CurrencyCode>NOK</CurrencyCode><CurrencyAmount>0</CurrencyAmount></DebitAmount></Line><Line><RecordID>1</RecordID><AccountID>2260</AccountID><Description></Description><CreditAmount><Amount>5000.00</Amount><CurrencyCode>NOK</CurrencyCode><CurrencyAmount>0</CurrencyAmount></CreditAmount></Line></Transaction><Transaction><TransactionID>54360</TransactionID><Period>06</Period><PeriodYear>2019</PeriodYear><TransactionDate>2019-06-28</TransactionDate><Description>F 2016351</Description><SystemEntryDate>2019-06-28</SystemEntryDate><GLPostingDate>2019-06-28</GLPostingDate><Line><RecordID>1</RecordID><AccountID>1163</AccountID><Description>F 2016351</Description><DebitAmount><Amount>42781.25</Amount><CurrencyCode>NOK</CurrencyCode><CurrencyAmount>0</CurrencyAmount></DebitAmount></Line><Line><RecordID>1</RecordID><AccountID>2400</AccountID><Description>F 2016351</Description><CreditAmount><Amount>42781.25</Amount><CurrencyCode>NOK</CurrencyCode><CurrencyAmount>0</CurrencyAmount></CreditAmount></Line></Transaction><Transaction><TransactionID>55647</TransactionID><Period>03</Period><PeriodYear>2020</PeriodYear><TransactionDate>2020-03-12</TransactionDate><Description></Description><SystemEntryDate>2020-03-12</SystemEntryDate><GLPostingDate>2020-03-12</GLPostingDate><Line><RecordID>1</RecordID><AccountID>2400</AccountID><Description></Description><DebitAmount><Amount>31796.88</Amount><CurrencyCode>NOK</CurrencyCode><CurrencyAmount>0</CurrencyAmount></DebitAmount></Line><Line><RecordID>1</RecordID><AccountID>1920</AccountID><Description></Description><CreditAmount><Amount>31796.88</Amount><CurrencyCode>NOK</CurrencyCode><CurrencyAmount>0</CurrencyAmount></CreditAmount></Line></Transaction><Transaction><TransactionID>52395</TransactionID><Period>05</Period><PeriodYear>2018</PeriodYear><TransactionDate>2018-05-31</TransactionDate><Description>2016002</Description><SystemEntryDate>2018-05-31</SystemEntryDate><GLPostingDate>2018-05-31</GLPostingDate><Line><RecordID>1</RecordID><AccountID>1163</AccountID><Description>2016002</Description><DebitAmount><Amount>578.13</Amount><CurrencyCode>NOK</CurrencyCode><CurrencyAmount>0</CurrencyAmount></DebitAmount></Line><Line><RecordID>1</RecordID><AccountID>2400</AccountID><Description>2016002</Description><CreditAmount><Amount>578.13</Amount><CurrencyCode>NOK</CurrencyCode><CurrencyAmount>0</CurrencyAmount></CreditAmount></Line></Transaction><Transaction><TransactionID>3182</TransactionID><Period>11</Period><PeriodYear>2018</PeriodYear><TransactionDate>2018-11-16</TransactionDate><Description></Description><SystemEntryDate>2018-11-16</SystemEntryDate><GLPostingDate>2018-11-16</GLPostingDate><Line><RecordID>1</RecordID><AccountID>2260</AccountID><Description></Description><DebitAmount><Amount>210000.00</Amount><CurrencyCode>NOK</CurrencyCode><CurrencyAmount>0</CurrencyAmount></DebitAmount></Line><Line><RecordID>1</RecordID><AccountID>1920</AccountID><Description></Description><CreditAmount><Amount>210000.00</Amount><CurrencyCode>NOK</CurrencyCode><CurrencyAmount>0</CurrencyAmount></CreditAmount></Line></Transaction><Transaction><TransactionID>53616</TransactionID><Period>04</Period><PeriodYear>2019</PeriodYear><TransactionDate>2019-04-30</TransactionDate><Description></Description><SystemEntryDate>2019-04-30</SystemEntryDate><GLPostingDate>2019-04-30</GLPostingDate><Line><RecordID>1</RecordID><AccountID>1920</AccountID><Description></Description><DebitAmount><Amount>1.00</Amount><CurrencyCode>NOK</CurrencyCode><CurrencyAmount>0</CurrencyAmount></DebitAmount></Line><Line><RecordID>1</RecordID><AccountID>8051</AccountID><Description></Description><CreditAmount><Amount>1.00</Amount><CurrencyCode>NOK</CurrencyCode><CurrencyAmount>0</CurrencyAmount></CreditAmount></Line></Transaction><Transaction><TransactionID>55402</TransactionID><Period>12</Period><PeriodYear>2019</PeriodYear><TransactionDate>2019-12-31</TransactionDate><Description></Description><SystemEntryDate>2019-12-31</SystemEntryDate><GLPostingDate>2019-12-31</GLPostingDate><Line><RecordID>1</RecordID><AccountID>8965</AccountID><Description></Description><DebitAmount><Amount>8568.88</Amount><CurrencyCode>NOK</CurrencyCode><CurrencyAmount>0</CurrencyAmount></DebitAmount></Line><Line><RecordID>1</RecordID><AccountID>2050</AccountID><Description></Description><CreditAmount><Amount>8568.88</Amount><CurrencyCode>NOK</CurrencyCode><CurrencyAmount>0</CurrencyAmount></CreditAmount></Line></Transaction><Transaction><TransactionID>52149</TransactionID><Period>08</Period><PeriodYear>2018</PeriodYear><TransactionDate>2018-08-31</TransactionDate><Description>kreditrenter iht kontoutskrift</Description><SystemEntryDate>2018-08-31</SystemEntryDate><GLPostingDate>2018-08-31</GLPostingDate><Line><RecordID>1</RecordID><AccountID>1920</AccountID><Description>kreditrenter iht kontoutskrift</Description><DebitAmount><Amount>1.00</Amount><CurrencyCode>NOK</CurrencyCode><CurrencyAmount>0</CurrencyAmount></DebitAmount></Line><Line><RecordID>1</RecordID><AccountID>8051</AccountID><Description>kreditrenter iht kontoutskrift</Description><CreditAmount><Amount>1.00</Amount><CurrencyCode>NOK</CurrencyCode><CurrencyAmount>0</CurrencyAmount></CreditAmount></Line></Transaction><Transaction><TransactionID>52399</TransactionID><Period>12</Period><PeriodYear>2018</PeriodYear><TransactionDate>2018-12-31</TransactionDate><Description>2016174</Description><SystemEntryDate>2018-12-31</SystemEntryDate><GLPostingDate>2018-12-31</GLPostingDate><Line><RecordID>1</RecordID><AccountID>1163</AccountID><Description>2016174</Description><DebitAmount><Amount>2312.50</Amount><CurrencyCode>NOK</CurrencyCode><CurrencyAmount>0</CurrencyAmount></DebitAmount></Line><Line><RecordID>1</RecordID><AccountID>2400</AccountID><Description>2016174</Description><CreditAmount><Amount>2312.50</Amount><CurrencyCode>NOK</CurrencyCode><CurrencyAmount>0</CurrencyAmount></CreditAmount></Line></Transaction><Transaction><TransactionID>54359</TransactionID><Period>04</Period><PeriodYear>2019</PeriodYear><TransactionDate>2019-04-30</TransactionDate><Description>F 2016304</Description><SystemEntryDate>2019-04-30</SystemEntryDate><GLPostingDate>2019-04-30</GLPostingDate><Line><RecordID>1</RecordID><AccountID>1163</AccountID><Description>F 2016304</Description><DebitAmount><Amount>15031.25</Amount><CurrencyCode>NOK</CurrencyCode><CurrencyAmount>0</CurrencyAmount></DebitAmount></Line><Line><RecordID>1</RecordID><AccountID>2400</AccountID><Description>F 2016304</Description><CreditAmount><Amount>15031.25</Amount><CurrencyCode>NOK</CurrencyCode><CurrencyAmount>0</CurrencyAmount></CreditAmount></Line></Transaction><Transaction><TransactionID>55406</TransactionID><Period>02</Period><PeriodYear>2020</PeriodYear><TransactionDate>2020-02-03</TransactionDate><Description></Description><SystemEntryDate>2020-02-03</SystemEntryDate><GLPostingDate>2020-02-03</GLPostingDate><Line><RecordID>1</RecordID><AccountID>2400</AccountID><Description></Description><DebitAmount><Amount>5343.75</Amount><CurrencyCode>NOK</CurrencyCode><CurrencyAmount>0</CurrencyAmount></DebitAmount></Line><Line><RecordID>1</RecordID><AccountID>1920</AccountID><Description></Description><CreditAmount><Amount>5343.75</Amount><CurrencyCode>NOK</CurrencyCode><CurrencyAmount>0</CurrencyAmount></CreditAmount></Line></Transaction><Transaction><TransactionID>52394</TransactionID><Period>05</Period><PeriodYear>2018</PeriodYear><TransactionDate>2018-05-14</TransactionDate><Description>Bet BRRG faktura</Description><SystemEntryDate>2018-05-14</SystemEntryDate><GLPostingDate>2018-05-14</GLPostingDate><Line><RecordID>1</RecordID><AccountID>2400</AccountID><Description>Bet BRRG faktura</Description><DebitAmount><Amount>5570.00</Amount><CurrencyCode>NOK</CurrencyCode><CurrencyAmount>0</CurrencyAmount></DebitAmount></Line><Line><RecordID>1</RecordID><AccountID>2260</AccountID><Description>Bet BRRG faktura</Description><CreditAmount><Amount>5570.00</Amount><CurrencyCode>NOK</CurrencyCode><CurrencyAmount>0</CurrencyAmount></CreditAmount></Line></Transaction><Transaction><TransactionID>53615</TransactionID><Period>02</Period><PeriodYear>2019</PeriodYear><TransactionDate>2019-02-28</TransactionDate><Description></Description><SystemEntryDate>2019-02-28</SystemEntryDate><GLPostingDate>2019-02-28</GLPostingDate><Line><RecordID>1</RecordID><AccountID>1920</AccountID><Description></Description><DebitAmount><Amount>1.00</Amount><CurrencyCode>NOK</CurrencyCode><CurrencyAmount>0</CurrencyAmount></DebitAmount></Line><Line><RecordID>1</RecordID><AccountID>8051</AccountID><Description></Description><CreditAmount><Amount>1.00</Amount><CurrencyCode>NOK</CurrencyCode><CurrencyAmount>0</CurrencyAmount></CreditAmount></Line></Transaction><Transaction><TransactionID>55652</TransactionID><Period>09</Period><PeriodYear>2020</PeriodYear><TransactionDate>2020-09-30</TransactionDate><Description></Description><SystemEntryDate>2020-09-30</SystemEntryDate><GLPostingDate>2020-09-30</GLPostingDate><Line><RecordID>1</RecordID><AccountID>1920</AccountID><Description></Description><DebitAmount><Amount>1.00</Amount><CurrencyCode>NOK</CurrencyCode><CurrencyAmount>0</CurrencyAmount></DebitAmount></Line><Line><RecordID>1</RecordID><AccountID>8051</AccountID><Description></Description><CreditAmount><Amount>1.00</Amount><CurrencyCode>NOK</CurrencyCode><CurrencyAmount>0</CurrencyAmount></CreditAmount></Line></Transaction></Journal></GeneralLedgerEntries></AuditFile>